@techreport{LOFAR-ASTRON-MAN-064,
     title = {{Station Data Cookbook}},
     author = {Menno Norden},
     year = {2013},
     institution = {ASTRON},
	 number = {LOFAR-ASTRON-MAN-064 1.2}
}
